@article{Guedeney2013317,
title = "Non-uniform time sampling for multiple-frequency harmonic balance computations ",
journal = "Journal of Computational Physics ",
volume = "236",
number = "0",
pages = "317 - 345",
year = "2013",
issn = "0021-9991",
doi = "http://dx.doi.org/10.1016/j.jcp.2012.11.010",
url = "http://www.sciencedirect.com/science/article/pii/S0021999112006869",
author = "T. Gu√©deney and {\headingfont A. Gomar} and F. Gallard and F. Sicot and G. Dufour and G. Puigt",
}

@article{Sicot2012uq,
author = {F. Sicot and {\headingfont A. Gomar} and G. Dufour and A. Dugeai},
Journal = {AIAA Journal},
Pages = {1-22},
Title = {{A Time-Domain Harmonic Balance Method for Turbomachinery Aeroelasticity}},
Year = {2013}
}
